<record><leader>00000cas a2200000 a 4500</leader><controlfield tag="001">14987570</controlfield><controlfield tag="008">861218d18201820aluwr ne      0    0eng  </controlfield><datafield ind1=" " ind2=" " tag="010"><subfield code="a">sn 86071215 </subfield></datafield><datafield ind1=" " ind2=" " tag="040"><subfield code="a">DLC</subfield><subfield code="b">eng</subfield><subfield code="c">DLC</subfield><subfield code="d">DLC</subfield><subfield code="d">CUI</subfield><subfield code="d">OCLCQ</subfield><subfield code="d">OCLCF</subfield></datafield><datafield ind1="1" ind2=" " tag="029"><subfield code="a">AU@</subfield><subfield code="b">000025833521</subfield></datafield><datafield ind1=" " ind2=" " tag="042"><subfield code="a">pcc</subfield></datafield><datafield ind1=" " ind2=" " tag="043"><subfield code="a">n-us-al</subfield></datafield><datafield ind1="0" ind2="0" tag="050"><subfield code="a">Newspaper</subfield></datafield><datafield ind1=" " ind2="4" tag="050"><subfield code="a">AN</subfield></datafield><datafield ind1="0" ind2="0" tag="245"><subfield code="a">Mobile gazette &amp; com'al advertiser.</subfield></datafield><datafield ind1="3" ind2="0" tag="246"><subfield code="a">Mobile gazette and com'al advertiser</subfield></datafield><datafield ind1=" " ind2=" " tag="260"><subfield code="a">Mobile [Ala.] :</subfield><subfield code="b">Dade &amp; Dameron,</subfield><subfield code="c">1820.</subfield></datafield><datafield ind1=" " ind2=" " tag="300"><subfield code="a">1 v. :</subfield><subfield code="b">ill. (chiefly advertisements)</subfield></datafield><datafield ind1=" " ind2=" " tag="310"><subfield code="a">Weekly</subfield></datafield><datafield ind1="0" ind2=" " tag="362"><subfield code="a">Vol. 3, no. 61 (May 3, 1820)-v. 4, no. 3 (July 20, 1820).</subfield></datafield><datafield ind1=" " ind2=" " tag="530"><subfield code="a">Also issued on microfilm from the Library of Congress, Photoduplication Service.</subfield></datafield><datafield ind1=" " ind2="0" tag="651"><subfield code="a">Mobile (Ala.)</subfield><subfield code="v">Newspapers.</subfield></datafield><datafield ind1=" " ind2="0" tag="651"><subfield code="a">Mobile County (Ala.)</subfield><subfield code="v">Newspapers.</subfield></datafield><datafield ind1=" " ind2="7" tag="655"><subfield code="a">Newspapers.</subfield><subfield code="2">fast</subfield><subfield code="0">(OCoLC)fst01423814</subfield></datafield><datafield ind1=" " ind2="7" tag="651"><subfield code="a">Alabama</subfield><subfield code="z">Mobile.</subfield><subfield code="2">fast</subfield><subfield code="0">(OCoLC)fst01206367</subfield></datafield><datafield ind1=" " ind2="7" tag="651"><subfield code="a">Alabama</subfield><subfield code="z">Mobile County.</subfield><subfield code="2">fast</subfield><subfield code="0">(OCoLC)fst01211225</subfield></datafield><datafield ind1=" " ind2=" " tag="752"><subfield code="a">United States</subfield><subfield code="b">Alabama</subfield><subfield code="c">Mobile</subfield><subfield code="d">Mobile.</subfield></datafield><datafield ind1="0" ind2="8" tag="776"><subfield code="i">Online version:</subfield><subfield code="t">Mobile gazette &amp; com'al advertiser (Online)</subfield><subfield code="w">(OCoLC)657160435</subfield></datafield><datafield ind1="0" ind2="0" tag="780"><subfield code="t">Mobile gazette &amp; commercial advertiser</subfield><subfield code="w">(DLC)sn 86072255</subfield><subfield code="w">(OCoLC)2627847</subfield></datafield><datafield ind1="0" ind2="0" tag="785"><subfield code="t">Mobile gazette &amp; general advertiser</subfield><subfield code="w">(DLC)sn 86072256</subfield><subfield code="w">(OCoLC)2625025</subfield></datafield></record>